@article{jun2017,
  doi = {10.1007/s40675-017-0062-7},
  url = {https://doi.org/10.1007/s40675-017-0062-7},
  year = {2017},
  month = jan,
  publisher = {Springer Science and Business Media {LLC}},
  volume = {3},
  number = {1},
  pages = {1--10},
  author = {Jonathan C. Jun and Aman Rathore and Haris Younas and Daniele Gilkes and Vsevolod Y. Polotsky},
  title = {Hypoxia-Inducible Factors and Cancer},
  journal = {Current Sleep Medicine Reports}
}

@article{tirpe2019,
  doi = {10.3390/ijms20246140},
  url = {https://doi.org/10.3390/ijms20246140},
  year = {2019},
  month = dec,
  publisher = {{MDPI} {AG}},
  volume = {20},
  number = {24},
  pages = {6140},
  author = {Alexandru Andrei Tirpe and Diana Gulei and Stefana Maria Ciortea and Carmen Crivii and Ioana Berindan-Neagoe},
  title = {Hypoxia: Overview on Hypoxia-Mediated Mechanisms with a Focus on the Role of {HIF} Genes},
  journal = {International Journal of Molecular Sciences}
}

@article{simon2017,
  doi = {10.1016/j.molmed.2017.01.002},
  url = {https://doi.org/10.1016/j.molmed.2017.01.002},
  year = {2017},
  month = mar,
  publisher = {Elsevier {BV}},
  volume = {23},
  number = {3},
  pages = {282--292},
  author = {Thomas Simon and Teresa Gagliano and Georgios Giamas},
  title = {Direct Effects of Anti-Angiogenic Therapies on Tumor Cells: {VEGF} Signaling},
  journal = {Trends in Molecular Medicine}
}

article{kryczek2007,
  doi = {10.1152/ajpcell.00406.2006},
  url = {https://doi.org/10.1152/ajpcell.00406.2006},
  year = {2007},
  month = mar,
  publisher = {American Physiological Society},
  volume = {292},
  number = {3},
  pages = {C987--C995},
  author = {Ilona Kryczek and Shuang Wei and Evan Keller and Rebecca Liu and Weiping Zou},
  title = {Stroma-derived factor ({SDF}-1/{CXCL}12) and human tumor pathogenesis},
  journal = {American Journal of Physiology-Cell Physiology}
}

@incollection{yaddanapudi2017,
  doi = {10.1007/978-3-319-52354-5_4},
  url = {https://doi.org/10.1007/978-3-319-52354-5_4},
  year = {2017},
  publisher = {Springer International Publishing},
  pages = {59--76},
  author = {Kavitha Yaddanapudi and Robert A. Mitchell},
  title = {{MIF}-Dependent Regulation of Monocyte/Macrophage Polarization},
  booktitle = {{MIF} Family Cytokines in Innate Immunity and Homeostasis}
}


@article{vasudev2014,
  doi = {10.1007/s10456-014-9420-y},
  url = {https://doi.org/10.1007/s10456-014-9420-y},
  year = {2014},
  month = jan,
  publisher = {Springer Science and Business Media {LLC}},
  volume = {17},
  number = {3},
  pages = {471--494},
  author = {Naveen S. Vasudev and Andrew R. Reynolds},
  title = {Anti-angiogenic therapy for cancer: current progress,  unresolved questions and future directions},
  journal = {Angiogenesis}
}

@article{eilken2010,
  doi = {10.1016/j.ceb.2010.08.010},
  url = {https://doi.org/10.1016/j.ceb.2010.08.010},
  year = {2010},
  month = oct,
  publisher = {Elsevier {BV}},
  volume = {22},
  number = {5},
  pages = {617--625},
  author = {Hanna M Eilken and Ralf H Adams},
  title = {Dynamics of endothelial cell behavior in sprouting angiogenesis},
  journal = {Current Opinion in Cell Biology}
}

@article{lamalice2007,
  doi = {10.1161/01.res.0000259593.07661.1e},
  url = {https://doi.org/10.1161/01.res.0000259593.07661.1e},
  year = {2007},
  month = mar,
  publisher = {Ovid Technologies (Wolters Kluwer Health)},
  volume = {100},
  number = {6},
  pages = {782--794},
  author = {Laurent Lamalice and Fabrice Le Boeuf and Jacques Huot},
  title = {Endothelial Cell Migration During Angiogenesis},
  journal = {Circulation Research}
}


@article{apte2019,
  doi = {10.1016/j.cell.2019.01.021},
  url = {https://doi.org/10.1016/j.cell.2019.01.021},
  year = {2019},
  month = mar,
  publisher = {Elsevier {BV}},
  volume = {176},
  number = {6},
  pages = {1248--1264},
  author = {Rajendra S. Apte and Daniel S. Chen and Napoleone Ferrara},
  title = {{VEGF} in Signaling and Disease: Beyond Discovery and Development},
  journal = {Cell}
}


@article{carmeliet2005,
  doi = {10.1159/000088478},
  url = {https://doi.org/10.1159/000088478},
  year = {2005},
  publisher = {S. Karger {AG}},
  volume = {69},
  number = {3},
  pages = {4--10},
  author = {Peter Carmeliet},
  title = {{VEGF} as a Key Mediator of Angiogenesis in Cancer},
  journal = {Oncology}
}

@article{ferrara2004,
  doi = {10.1038/nrd1381},
  url = {https://doi.org/10.1038/nrd1381},
  year = {2004},
  month = may,
  publisher = {Springer Science and Business Media {LLC}},
  volume = {3},
  number = {5},
  pages = {391--400},
  author = {Napoleone Ferrara and Kenneth J. Hillan and Hans-Peter Gerber and William Novotny},
  title = {Discovery and development of bevacizumab,  an anti-{VEGF} antibody for treating cancer},
  journal = {Nature Reviews Drug Discovery}
}

@article{hanahan2000,
  doi = {10.1016/s0092-8674(00)81683-9},
  url = {https://doi.org/10.1016/s0092-8674(00)81683-9},
  year = {2000},
  month = jan,
  publisher = {Elsevier {BV}},
  volume = {100},
  number = {1},
  pages = {57--70},
  author = {Douglas Hanahan and Robert A Weinberg},
  title = {The Hallmarks of Cancer},
  journal = {Cell}
}


@article{carmeliet2000,
  doi = {10.1038/35025220},
  url = {https://doi.org/10.1038/35025220},
  year = {2000},
  month = sep,
  publisher = {Springer Science and Business Media {LLC}},
  volume = {407},
  number = {6801},
  pages = {249--257},
  author = {Peter Carmeliet and Rakesh K. Jain},
  title = {Angiogenesis in cancer and other diseases},
  journal = {Nature}
}

@article{muthukkaruppan1982,
  doi = {10.1093/jnci/69.3.699},
  url = {https://doi.org/10.1093/jnci/69.3.699},
  year = {1982},
  month = sep,
  author = {V.R. Muthukkaruppan and L. Kubai and R. Auerbach},
  publisher = {Oxford University Press ({OUP})},
  title = {Tumor-Induced Neovascularization in the Mouse Eye},
  journal = {{JNCI}: Journal of the National Cancer Institute}
}

@article{hanahan2011,
  doi = {10.1016/j.cell.2011.02.013},
  url = {https://doi.org/10.1016/j.cell.2011.02.013},
  year = {2011},
  month = mar,
  publisher = {Elsevier {BV}},
  volume = {144},
  number = {5},
  pages = {646--674},
  author = {Douglas Hanahan and Robert~A. Weinberg},
  title = {Hallmarks of Cancer: The Next Generation},
  journal = {Cell}
}

@article{farnsworth2013,
  doi = {10.1038/onc.2013.304},
  url = {https://doi.org/10.1038/onc.2013.304},
  year = {2013},
  month = aug,
  publisher = {Springer Science and Business Media {LLC}},
  volume = {33},
  number = {27},
  pages = {3496--3505},
  author = {R H Farnsworth and M Lackmann and M G Achen and S A Stacker},
  title = {Vascular remodeling in cancer},
  journal = {Oncogene}
}

@article{shi2014,
  doi = {10.1016/j.canlet.2014.04.002},
  url = {https://doi.org/10.1016/j.canlet.2014.04.002},
  year = {2014},
  month = jul,
  publisher = {Elsevier {BV}},
  volume = {349},
  number = {2},
  pages = {128--135},
  author = {Hailong Shi and Jinling Jiang and Jun Ji and Min Shi and Qu Cai and Xuehua Chen and Yingyan Yu and Bingya Liu and Zhenggang Zhu and Jun Zhang},
  title = {Anti-angiogenesis participates in antitumor effects of metronomic capecitabine on colon cancer},
  journal = {Cancer Letters}
}

@article{yuan2015,
  doi = {10.3892/or.2015.3765},
  url = {https://doi.org/10.3892/or.2015.3765},
  year = {2015},
  month = jan,
  publisher = {Spandidos Publications},
  volume = {33},
  number = {4},
  pages = {1753--1762},
  author = {FEI YUAN and HAILONG SHI and JUN JI and QU CAI and XUEHUA CHEN and YINGYAN YU and BINGYA LIU and ZHENGGANG ZHU and JUN ZHANG},
  title = {Capecitabine metronomic chemotherapy inhibits the proliferation of gastric cancer cells through anti-angiogenesis},
  journal = {Oncology Reports}
}

@article{bocci2016,
  doi = {10.1038/nrclinonc.2016.64},
  url = {https://doi.org/10.1038/nrclinonc.2016.64},
  year = {2016},
  month = may,
  publisher = {Springer Science and Business Media {LLC}},
  volume = {13},
  number = {11},
  pages = {659--673},
  author = {Guido Bocci and Robert S. Kerbel},
  title = {Pharmacokinetics of metronomic chemotherapy: a neglected but crucial aspect},
  journal = {Nature Reviews Clinical Oncology}
}

@article{kumarage2020,
author = {Kumarage, Samantha. and Jayamanna, Roshan. and Mahendra, Isanka.},
title =  {{Analysis of Transfusion Support in Dengue Epidemic in Military Setting of Sri Lanka}},
journal  ={Cancer Research, Statistics, and Treatment},
volume ={3},
number ={1},
pages  = {64-68},
doi  = {10.4103/bbrj.bbrj_114_19},
year  = {2020},
URL ={https://www.crstonline.com/article.asp?issn=2590-3233;year=2020;volume=3;issue=1;spage=64;epage=68;aulast=Kumar;t=6},
eprint ={https://www.crstonline.com/article.asp?issn=2590-3233;year=2020;volume=3;issue=1;spage=64;epage=68;aulast=Kumar;t=6}
}

@article{stempak2006,
  doi = {10.1097/01.mph.0000243657.64056.c3},
  url = {https://doi.org/10.1097/01.mph.0000243657.64056.c3},
  year = {2006},
  month = nov,
  publisher = {Ovid Technologies (Wolters Kluwer Health)},
  volume = {28},
  number = {11},
  pages = {720--728},
  author = {Diana Stempak and Janet Gammon and Jacqueline Halton and Albert Moghrabi and Gideon Koren and Sylvain Baruchel},
  title = {A Pilot Pharmacokinetic and Antiangiogenic Biomarker Study of Celecoxib and Low-dose Metronomic Vinblastine or Cyclophosphamide in Pediatric Recurrent Solid Tumors},
  journal = {Journal of Pediatric Hematology/Oncology}
}


@article{porrata2001,
  doi = {10.1054/bjoc.2001.1970},
  url = {https://doi.org/10.1054/bjoc.2001.1970},
  year = {2001},
  month = aug,
  publisher = {Springer Science and Business Media {LLC}},
  volume = {85},
  number = {4},
  pages = {484--489},
  author = {L F Porrata and A A Adjei},
  title = {The pharmacologic basis of high dose chemotherapy with haematopoietic stem cell support for solid tumours},
  journal = {British Journal of Cancer}
}

@article{kareva2015,
  doi = {10.1016/j.canlet.2014.12.039},
  url = {https://doi.org/10.1016/j.canlet.2014.12.039},
  year = {2015},
  month = mar,
  publisher = {Elsevier {BV}},
  volume = {358},
  number = {2},
  pages = {100--106},
  author = {Irina Kareva and David J. Waxman and Giannoula Lakka Klement},
  title = {Metronomic chemotherapy: An attractive alternative to maximum tolerated dose therapy that can activate anti-tumor immunity and minimize therapeutic resistance},
  journal = {Cancer Letters}
}

@article{andre2011,
  doi = {10.18632/oncotarget.358},
  url = {https://doi.org/10.18632/oncotarget.358},
  year = {2011},
  month = dec,
  publisher = {Impact Journals,  {LLC}},
  volume = {2},
  number = {12},
  pages = {960--965},
  author = {Nicolas Andr{\'{e}} and Sylvie Abed and Daniel Orbach and Corinne Armari Alla and Laetitia Padovani and Eddy Pasquier and Jean Claude Gentet and Arnauld Verschuur},
  title = {Pilot study of a pediatric metronomic 4-drug regimen},
  journal = {Oncotarget}
}

@article{huang2017,
  doi = {10.1371/journal.pone.0174280},
  url = {https://doi.org/10.1371/journal.pone.0174280},
  year = {2017},
  month = mar,
  publisher = {Public Library of Science ({PLoS})},
  volume = {12},
  number = {3},
  pages = {e0174280},
  author = {Wen-Yen Huang and Ching-Liang Ho and Chia-Cheng Lee and Cheng-Wen Hsiao and Chang-Chieh Wu and Shu-Wen Jao and Jen-Fu Yang and Cheng-Hsiang Lo and Jia-Hong Chen},
  editor = {Yves St-Pierre},
  title = {Oral tegafur-uracil as metronomic therapy following intravenous {FOLFOX} for stage {III} colon cancer},
  journal = {{PLOS} {ONE}}
}

@article{he2011,
  doi = {10.1007/s12032-010-9791-x},
  url = {https://doi.org/10.1007/s12032-010-9791-x},
  year = {2011},
  month = jan,
  publisher = {Springer Science and Business Media {LLC}},
  volume = {29},
  number = {1},
  pages = {100--106},
  author = {ShengLi He and Jie Shen and Liang Hong and LuMing Niu and DaoYong Niu},
  title = {Capecitabine {\textquotedblleft}metronomic{\textquotedblright} chemotherapy for palliative treatment of elderly patients with advanced gastric cancer after fluoropyrimidine-based chemotherapy},
  journal = {Medical Oncology}
}

@article{masuda2014,
  doi = {10.1007/s00280-014-2492-y},
  url = {https://doi.org/10.1007/s00280-014-2492-y},
  year = {2014},
  month = may,
  publisher = {Springer Science and Business Media {LLC}},
  volume = {74},
  number = {2},
  pages = {229--238},
  author = {N. Masuda and K. Higaki and T. Takano and N. Matsunami and T. Morimoto and S. Ohtani and M. Mizutani and T. Miyamoto and K. Kuroi and S. Ohno and S. Morita and M. Toi},
  title = {A phase {II} study of metronomic paclitaxel/cyclophosphamide/capecitabine followed by 5-fluorouracil/epirubicin/cyclophosphamide as preoperative chemotherapy for triple-negative or low hormone receptor expressing/{HER}2-negative primary breast cancer},
  journal = {Cancer Chemotherapy and Pharmacology}
}


@article{alagizy2015,
  doi = {10.1016/j.hemonc.2014.11.003},
  url = {https://doi.org/10.1016/j.hemonc.2014.11.003},
  year = {2015},
  month = mar,
  publisher = {Elsevier {BV}},
  volume = {8},
  number = {1},
  pages = {22--27},
  author = {H.A. Alagizy and M.A. Shehata and T.A. Hashem and K.K. Abdelaziz and M.M. Swiha},
  title = {Metronomic capecitabine as extended adjuvant chemotherapy in women with triple negative breast cancer},
  journal = {Hematology/Oncology and Stem Cell Therapy}
}

@article{walko2005,
  doi = {10.1016/j.clinthera.2005.01.005},
  url = {https://doi.org/10.1016/j.clinthera.2005.01.005},
  year = {2005},
  month = jan,
  publisher = {Elsevier {BV}},
  volume = {27},
  number = {1},
  pages = {23--44},
  author = {Christine M. Walko and Celeste Lindley},
  title = {Capecitabine: A review},
  journal = {Clinical Therapeutics}
}

@article{dessai2016,
  doi = {10.4103/2278-330x.181629},
  url = {https://doi.org/10.4103/2278-330x.181629},
  year = {2016},
  month = apr,
  publisher = {Georg Thieme Verlag {KG}},
  volume = {05},
  number = {02},
  pages = {063--066},
  author = {S. B. Dessai and S. Chakraborty and T. V.S. Babu and S. Nayanar and A. Bhattacharjee and J. Jones and S. Balasubramanian and Vijay M. Patil},
  title = {Tolerance of weekly metronomic paclitaxel and carboplatin as neoadjuvant chemotherapy in advanced ovarian cancer patients who are unlikely to tolerate 3 weekly paclitaxel and carboplatin},
  journal = {South Asian Journal of Cancer}
}

@article{hildebrand2016,
  doi = {10.1200/jco.2016.34.15_suppl.e12502},
  url = {https://doi.org/10.1200/jco.2016.34.15_suppl.e12502},
  year = {2016},
  month = may,
  publisher = {American Society of Clinical Oncology ({ASCO})},
  volume = {34},
  number = {15{\_}suppl},
  pages = {e12502--e12502},
  author = {Jessica R. Hildebrand and Rachel Elizabeth Raab and Mahvish Muzaffar and Paul R. Walker},
  title = {Neoadjuvant metronomic chemotherapy in triple-negative breast cancer ({TNBC}) ({NCT}00542191): Updated results from a phase {II} trial.},
  journal = {Journal of Clinical Oncology}
}

@article{romiti2013,
  doi = {10.1007/s00280-013-2125-x},
  url = {https://doi.org/10.1007/s00280-013-2125-x},
  year = {2013},
  month = mar,
  publisher = {Springer Science and Business Media {LLC}},
  volume = {72},
  number = {1},
  pages = {13--33},
  author = {Adriana Romiti and M. Christina Cox and Ida Sarcina and Roberta Di Rocco and Chiara D'Antonio and Viola Barucca and Paolo Marchetti},
  title = {Metronomic chemotherapy for cancer treatment: a decade of clinical studies},
  journal = {Cancer Chemotherapy and Pharmacology}
}

@article{reardon2009,
  doi = {10.1038/sj.bjc.6605412},
  url = {https://doi.org/10.1038/sj.bjc.6605412},
  year = {2009},
  month = nov,
  publisher = {Springer Science and Business Media {LLC}},
  volume = {101},
  number = {12},
  pages = {1986--1994},
  author = {D A Reardon and A Desjardins and J J Vredenburgh and S Gururangan and J H Sampson and S Sathornsumetee and R E McLendon and J E Herndon and J E Marcello and J Norfleet and A H Friedman and D D Bigner and H S Friedman},
  title = {Metronomic chemotherapy with daily,  oral etoposide plus bevacizumab for recurrent malignant glioma: a phase {II} study},
  journal = {British Journal of Cancer}
}

@article{huang2017,
  doi = {10.1371/journal.pone.0174280},
  url = {https://doi.org/10.1371/journal.pone.0174280},
  year = {2017},
  month = mar,
  publisher = {Public Library of Science ({PLoS})},
  volume = {12},
  number = {3},
  pages = {e0174280},
  author = {Wen-Yen Huang and Ching-Liang Ho and Chia-Cheng Lee and Cheng-Wen Hsiao and Chang-Chieh Wu and Shu-Wen Jao and Jen-Fu Yang and Cheng-Hsiang Lo and Jia-Hong Chen},
  editor = {Yves St-Pierre},
  title = {Oral tegafur-uracil as metronomic therapy following intravenous {FOLFOX} for stage {III} colon cancer},
  journal = {{PLOS} {ONE}}
  }


@Book{mukherjee2010,
 author = {Mukherjee, Siddhartha},
 title = {The emperor of all maladies : a biography of cancer},
 publisher = {Scribner},
 year = {2010},
 address = {New York},
 isbn = {978-1439170915}
 }


@article{skipper1970,
author="SKIPPER, HE",
title="Implications of biochemical, cytokinetic, pharmacologic and toxicologic relationships in the design of optimal therapeutic schedules",
journal="Cancer Chemother Rep",
ISSN="",
publisher="",
year="1970",
month="",
volume="54",
number="",
pages="431-450",
URL="https://ci.nii.ac.jp/naid/10020626001/en/",
DOI="",
}


@article{pasquier2010,
  doi = {10.1038/nrclinonc.2010.82},
  url = {https://doi.org/10.1038/nrclinonc.2010.82},
  year = {2010},
  month = jun,
  publisher = {Springer Science and Business Media {LLC}},
  volume = {7},
  number = {8},
  pages = {455--465},
  author = {Eddy Pasquier and Maria Kavallaris and Nicolas Andr{\'{e}}},
  title = {Metronomic chemotherapy: new rationale for new directions},
  journal = {Nature Reviews Clinical Oncology}
}

@article{pasquier2011,
  doi = {10.1593/tlo.11124},
  url = {https://doi.org/10.1593/tlo.11124},
  year = {2011},
  month = aug,
  publisher = {Elsevier {BV}},
  volume = {4},
  number = {4},
  pages = {203--211},
  author = {Eddy Pasquier and Mark W. Kieran and Jaroslav Sterba and Yuval Shaked and Sylvain Baruchel and Odile Oberlin and Maria Sanna Kivivuori and Andreas Peyrl and Mamouna Diawarra and Michaela Casanova and Stergios Zacharoulis and Gilles Vassal and Franck Berthold and Arnauld Verschuur and Nicolas Andr{\'{e}}},
  title = {Moving Forward with Metronomic Chemotherapy: Meeting Report of the 2nd International Workshop on Metronomic and Anti-Angiogenic Chemotherapy in Paediatric Oncology},
  journal = {Translational Oncology}
}

@article{andre2017,
  doi = {10.1016/j.trecan.2017.03.011},
  url = {https://doi.org/10.1016/j.trecan.2017.03.011},
  year = {2017},
  month = may,
  publisher = {Elsevier {BV}},
  volume = {3},
  number = {5},
  pages = {319--325},
  author = {Nicolas Andr{\'{e}} and Kelvin Tsai and Manon Carr{\'{e}} and Eddy Pasquier},
  title = {Metronomic Chemotherapy: Direct Targeting of Cancer Cells after all?},
  journal = {Trends in Cancer}
}

@article{bocci2003,
  doi = {10.1073/pnas.2135406100},
  url = {https://doi.org/10.1073/pnas.2135406100},
  year = {2003},
  month = oct,
  publisher = {Proceedings of the National Academy of Sciences},
  volume = {100},
  number = {22},
  pages = {12917--12922},
  author = {G. Bocci and G. Francia and S. Man and J. Lawler and R. S. Kerbel},
  title = {Thrombospondin 1,  a mediator of the antiangiogenic effects of low-dose metronomic chemotherapy},
  journal = {Proceedings of the National Academy of Sciences}
}

@article{lawler2012,
  doi = {10.1101/cshperspect.a006627},
  url = {https://doi.org/10.1101/cshperspect.a006627},
  year = {2012},
  month = jan,
  publisher = {Cold Spring Harbor Laboratory},
  volume = {2},
  number = {5},
  pages = {a006627--a006627},
  author = {P. R. Lawler and J. Lawler},
  title = {Molecular Basis for the Regulation of Angiogenesis by Thrombospondin-1 and -2},
  journal = {Cold Spring Harbor Perspectives in Medicine}
}

@article {stoelting2008,
	author = {STOELTING, STEPHANIE and TREFZER, TANJA and KISRO, JENS and STEINKE, A. and WAGNER, THOMAS and PETERS, STEFAN O.},
	title = {Low-dose Oral Metronomic Chemotherapy Prevents Mobilization of Endothelial Progenitor Cells into the Blood of Cancer Patients},
	volume = {22},
	number = {6},
	pages = {831--836},
	year = {2008},
	publisher = {International Institute of Anticancer Research},
	issn = {0258-851X},
	URL = {https://iv.iiarjournals.org/content/22/6/831},
	eprint = {https://iv.iiarjournals.org/content/22/6/831.full.pdf},
	journal = {In Vivo}
}



@article{genfors2016,
  doi = {10.21767/2254-6081.100051},
  url = {https://doi.org/10.21767/2254-6081.100051},
  year = {2016},
  publisher = {Scitechnol Biosoft Pvt. Ltd.},
  volume = {4},
  number = {1},
  author = {Dennis Genfors},
  title = {Low-dose Metronomic Capecitabine (Xeloda) for Treatment of Metastatic Gastrointestinal Cancer: A Clinical Study},
  journal = {Archives in Cancer Research}
}


@article{kerbel2004,
  doi = {10.1038/nrc1369},
  url = {https://doi.org/10.1038/nrc1369},
  year = {2004},
  month = jun,
  publisher = {Springer Science and Business Media {LLC}},
  volume = {4},
  number = {6},
  pages = {423--436},
  author = {Robert S. Kerbel and Barton A. Kamen},
  title = {The anti-angiogenic basis of metronomic chemotherapy},
  journal = {Nature Reviews Cancer}
}


@incollection{natale2017,
  doi = {10.1007/978-3-319-59242-8_3},
  url = {https://doi.org/10.1007/978-3-319-59242-8_3},
  year = {2017},
  publisher = {Springer International Publishing},
  pages = {31--49},
  author = {Gianfranco Natale and Guido Bocci},
  title = {Tumor Dormancy,  Angiogenesis and Metronomic Chemotherapy},
  booktitle = {Cancer Drug Discovery and Development}
}



@article{maiti2014,
  doi = {10.4103/0976-500x.136098},
  url = {https://doi.org/10.4103/0976-500x.136098},
  year = {2014},
  publisher = {Medknow},
  volume = {5},
  number = {3},
  pages = {186},
  author = {Rituparna Maiti},
  title = {Metronomic chemotherapy},
  journal = {Journal of Pharmacology and Pharmacotherapeutics}
}

@article{klement2000,
  doi = {10.1172/jci8829},
  url = {https://doi.org/10.1172/jci8829},
  year = {2000},
  month = apr,
  publisher = {American Society for Clinical Investigation},
  volume = {105},
  number = {8},
  pages = {R15--R24},
  author = {Giannoula Klement and Sylvain Baruchel and Janusz Rak and Shan Man and Katherine Clark and Daniel J. Hicklin and Peter Bohlen and Robert S. Kerbel},
  title = {Continuous low-dose therapy with vinblastine and {VEGF} receptor-2 antibody induces sustained tumor regression without overt toxicity},
  journal = {Journal of Clinical Investigation}
}

@article{browder2000,
  title={Antiangiogenic scheduling of chemotherapy improves efficacy against experimental drug-resistant cancer},
  author={Browder, Timothy and Butterfield, Catherine E and Kr{\"a}ling, Birgit M and Shi, Bin and Marshall, Blair and O’Reilly, Michael S and Folkman, Judah},
  journal={Cancer research},
  volume={60},
  number={7},
  pages={1878--1886},
  year={2000},
  publisher={AACR}
}

@article{benzekry2013,
  doi = {10.1016/j.jtbi.2013.06.036},
  url = {https://doi.org/10.1016/j.jtbi.2013.06.036},
  year = {2013},
  month = oct,
  publisher = {Elsevier {BV}},
  volume = {335},
  pages = {235--244},
  author = {S{\'{e}}bastien Benzekry and Philip Hahnfeldt},
  title = {Maximum tolerated dose versus metronomic scheduling in the treatment of metastatic cancers},
  journal = {Journal of Theoretical Biology}
}

@article{wielahojeska2015,
  doi = {10.17219/acem/38154},
  url = {https://doi.org/10.17219/acem/38154},
  year = {2015},
  publisher = {Wroclaw Medical University},
  volume = {24},
  number = {1},
  pages = {103--111},
  author = {Anna Wiela-Hoje{\'{n}}ska and Teresa Kowalska and Emilia Filipczyk-Cisar{\.{z}} and {\L}ukasz {\L}api{\'{n}}ski and Karol Nartowski},
  title = {Evaluation of the Toxicity of Anticancer
		Chemotherapy in Patients with Colon Cancer},
  journal = {Advances in Clinical and Experimental Medicine}
}

@article{tsai2016,
  doi = {10.1186/s40064-016-2976-9},
  url = {https://doi.org/10.1186/s40064-016-2976-9},
  year = {2016},
  month = aug,
  publisher = {Springer Science and Business Media {LLC}},
  volume = {5},
  number = {1},
  author = {Yi-Jian Tsai and Jen-Kou Lin and Wei-Shone Chen and Jeng-Kai Jiang and Hao-Wei Teng and Chueh-Chuan Yen and Tzu-chen Lin and Shung-Haur Yang},
  title = {Adjuvant {FOLFOX} treatment for stage {III} colon cancer: how many cycles are enough?},
  journal = {{SpringerPlus}}
}

@article{arango2004,
  doi = {10.1038/sj.bjc.6602215},
  url = {https://doi.org/10.1038/sj.bjc.6602215},
  year = {2004},
  month = nov,
  publisher = {Springer Science and Business Media {LLC}},
  volume = {91},
  number = {11},
  pages = {1931--1946},
  author = {D Arango and A J Wilson and Q Shi and G A Corner and M J Ara{\~{n}}es and C Nicholas and M Lesser and J M Mariadason and L H Augenlicht},
  title = {Molecular mechanisms of action and prediction of response to oxaliplatin in colorectal cancer cells},
  journal = {British Journal of Cancer}
}

@article{longley2003,
  doi = {10.1038/nrc1074},
  url = {https://doi.org/10.1038/nrc1074},
  year = {2003},
  month = may,
  publisher = {Springer Science and Business Media {LLC}},
  volume = {3},
  number = {5},
  pages = {330--338},
  author = {Daniel B. Longley and D. Paul Harkin and Patrick G. Johnston},
  title = {5-Fluorouracil: mechanisms of action and clinical strategies},
  journal = {Nature Reviews Cancer}
}

@article{housman2014,
  doi = {10.3390/cancers6031769},
  url = {https://doi.org/10.3390/cancers6031769},
  year = {2014},
  month = sep,
  publisher = {{MDPI} {AG}},
  volume = {6},
  number = {3},
  pages = {1769--1792},
  author = {Genevieve Housman and Shannon Byler and Sarah Heerboth and Karolina Lapinska and Mckenna Longacre and Nicole Snyder and Sibaji Sarkar},
  title = {Drug Resistance in Cancer: An Overview},
  journal = {Cancers}
}

@article{karoui2015,
  doi = {10.1186/s12885-015-1507-3},
  url = {https://doi.org/10.1186/s12885-015-1507-3},
  year = {2015},
  month = jul,
  publisher = {Springer Science and Business Media {LLC}},
  volume = {15},
  number = {1},
  author = {Mehdi Karoui and Anne Rullier and Alain Luciani and Franck Bonnetain and Marie-Luce Auriault and Antony Sarran and Genevi{\`{e}}ve Monges and Herv{\'{e}} Trillaud and Karine Le Malicot and Karen Leroy and Iradj Sobhani and Armelle Bardier and Marie Moreau and Isabelle Brindel and Jean Fran{\c{c}}ois Seitz and Julien Taieb},
  title = {Neoadjuvant {FOLFOX} 4 versus {FOLFOX} 4 with Cetuximab versus immediate surgery for high-risk stage {II} and {III} colon cancers: a multicentre randomised controlled phase {II} trial {\textendash} the {PRODIGE} 22 - {ECKINOXE} trial},
  journal = {{BMC} Cancer}
}

@article{kato2010,
  doi = {10.1093/jjco/hyq158},
  url = {https://doi.org/10.1093/jjco/hyq158},
  year = {2010},
  month = sep,
  publisher = {Oxford University Press ({OUP})},
  volume = {41},
  number = {1},
  pages = {63--68},
  author = {K. Kato and Y. Inaba and Y. Tsuji and T. Esaki and A. Yoshioka and N. Mizunuma and T. Mizuno and H. Kusaba and H. Fujii and K. Muro and Y. Shimada and K. Shirao},
  title = {A Multicenter Phase-{II} Study of 5-{FU},  Leucovorin and Oxaliplatin ({FOLFOX}6) in Patients with Pretreated Metastatic Colorectal Cancer},
  journal = {Japanese Journal of Clinical Oncology}
}


@article{roth2020,
  doi = {10.3390/cancers12092368},
  url = {https://doi.org/10.3390/cancers12092368},
  year = {2020},
  month = sep,
  publisher = {{MDPI} {AG}},
  volume = {12},
  number = {9},
  pages = {2368},
  author = {Marc Roth and Cathy Eng},
  title = {Neoadjuvant Chemotherapy for Colon Cancer},
  journal = {Cancers}
}




@article{seymour2019,
  doi = {10.1200/jco.2019.37.15_suppl.3504},
  url = {https://doi.org/10.1200/jco.2019.37.15_suppl.3504},
  year = {2019},
  month = may,
  publisher = {American Society of Clinical Oncology ({ASCO})},
  volume = {37},
  number = {15{\_}suppl},
  pages = {3504--3504},
  author = {Matthew T. Seymour and Dion Morton and},
  title = {{FOxTROT}: an international randomised controlled trial in 1052 patients (pts) evaluating neoadjuvant chemotherapy ({NAC}) for colon cancer.},
  journal = {Journal of Clinical Oncology}
}


@article {venook2021,
      author = "Alan P. Venook and Christopher G. Willett",
      title = "Treatment of Locally Advanced/Metastatic Colorectal Cancer",
      journal = "Journal of the National Comprehensive Cancer Network",
      year = "2021",
      publisher = "National Comprehensive Cancer Network",
      address = "Huntington NY, USA",
      volume = "19",
      number = "5.5",
      doi = "10.6004/jnccn.2021.5014",
      pages=      "617 - 621",
      url = "https://jnccn.org/view/journals/jnccn/19/5.5/article-p617.xml"
}


@article{benson2018,
  doi = {10.6004/jnccn.2018.0021},
  url = {https://doi.org/10.6004/jnccn.2018.0021},
  year = {2018},
  month = apr,
  publisher = {Harborside Press,  {LLC}},
  volume = {16},
  number = {4},
  pages = {359--369},
  author = {Al B. Benson and Alan P. Venook and Mahmoud M. Al-Hawary and Lynette Cederquist and Yi-Jen Chen and Kristen K. Ciombor and Stacey Cohen and Harry S. Cooper and Dustin Deming and Paul F. Engstrom and Ignacio Garrido-Laguna and Jean L. Grem and Axel Grothey and Howard S. Hochster and Sarah Hoffe and Steven Hunt and Ahmed Kamel and Natalie Kirilcuk and Smitha Krishnamurthi and Wells A. Messersmith and Jeffrey Meyerhardt and Eric D. Miller and Mary F. Mulcahy and James D. Murphy and Steven Nurkin and Leonard Saltz and Sunil Sharma and David Shibata and John M. Skibber and Constantinos T. Sofocleous and Elena M. Stoffel and Eden Stotsky-Himelfarb and Christopher G. Willett and Evan Wuthrick and Kristina M. Gregory and Deborah A. Freedman-Cass},
  title = {{NCCN} Guidelines Insights: Colon Cancer,  Version 2.2018},
  journal = {Journal of the National Comprehensive Cancer Network}
}



@article{benson2020,
  doi = {10.6004/jnccn.2020.0032},
  url = {https://doi.org/10.6004/jnccn.2020.0032},
  year = {2020},
  month = jul,
  publisher = {Harborside Press,  {LLC}},
  volume = {18},
  number = {7},
  pages = {806--815},
  author = {Al B. Benson and Alan P. Venook and Mahmoud M. Al-Hawary and Mustafa A. Arain and Yi-Jen Chen and Kristen K. Ciombor and Stacey Cohen and Harry S. Cooper and Dustin Deming and Ignacio Garrido-Laguna and Jean L. Grem and Andrew Gunn and Sarah Hoffe and Joleen Hubbard and Steven Hunt and Natalie Kirilcuk and Smitha Krishnamurthi and Wells A. Messersmith and Jeffrey Meyerhardt and Eric D. Miller and Mary F. Mulcahy and Steven Nurkin and Michael J. Overman and Aparna Parikh and Hitendra Patel and Katrina Pedersen and Leonard Saltz and Charles Schneider and David Shibata and John M. Skibber and Constantinos T. Sofocleous and Elena M. Stoffel and Eden Stotsky-Himelfarb and Christopher G. Willett and Alyse Johnson-Chilla and Lisa A. Gurski},
  title = {{NCCN} Guidelines Insights: Rectal Cancer,  Version 6.2020},
  journal = {Journal of the National Comprehensive Cancer Network}
}

@article{benson2011,
  doi = {10.6004/jnccn.2011.0104},
  url = {https://doi.org/10.6004/jnccn.2011.0104},
  year = {2011},
  month = nov,
  publisher = {Harborside Press,  {LLC}},
  volume = {9},
  number = {11},
  pages = {1238--1290},
  author = {Al B. Benson and J. Pablo Arnoletti and Tanios Bekaii-Saab and Emily Chan and Yi-Jen Chen and Michael A. Choti and Harry S. Cooper and Raza A. Dilawari and Paul F. Engstrom and Peter C. Enzinger and James W. Fleshman and Charles S. Fuchs and Jean L. Grem and James A. Knol and Lucille A. Leong and Edward Lin and Kilian Salerno May and Mary F. Mulcahy and Kate Murphy and Eric Rohren and David P. Ryan and Leonard Saltz and Sunil Sharma and David Shibata and John M. Skibber and William Small and Constantinos T. Sofocleous and Alan P. Venook and Christopher Willett},
  title = {Colon Cancer},
  journal = {Journal of the National Comprehensive Cancer Network}
}



@book{ajcc2017,
place={Chicago IL},
edition={Eight edition / editor-in-chief, Mahul B. Amin, MD, FCAP ; editors, Stephen B. Edge, MD, FACS [and 16 others] ; Donna M. Gress, RHIT, CTR-Technical editor ; Laura R. Meyer, CAPM-Managing editor}, title={AJCC cancer staging manual},
ISBN={9783319406176},
publisher={American Joint Committee on Cancer, Springer}, year={2017}
}

@article{greene2002,
  doi = {10.1097/00000658-200210000-00003},
  url = {https://doi.org/10.1097/00000658-200210000-00003},
  year = {2002},
  month = oct,
  publisher = {Ovid Technologies (Wolters Kluwer Health)},
  volume = {236},
  number = {4},
  pages = {416--421},
  author = {Frederick L. Greene and Andrew K. Stewart and H. James Norton},
  title = {A New {TNM} Staging Strategy for Node-Positive (Stage {III}) Colon Cancer},
  journal = {Annals of Surgery}
}


@article{mccormick2002,
  doi = {10.1097/00001610-200209000-00007},
  url = {https://doi.org/10.1097/00001610-200209000-00007},
  year = {2002},
  month = sep,
  publisher = {Ovid Technologies (Wolters Kluwer Health)},
  volume = {25},
  number = {5},
  pages = {211--212},
  author = {Debra McCormick and Pamella J. Kibbe and Sally W. Morgan},
  title = {Colon Cancer: Prevention,  Diagnosis,  Treatment:{CE} Test},
  journal = {Gastroenterology Nursing}
}

@article{moeslein2001,
Abstract = {An encyclopedia entry for "colon cancer" is presented. Colon cancer also refers to cancer of the large intestine and malignant neoplastic changes of the colon. There are a number of colon cancer screening strategies for the average risk population including fecal occult blood test, sigmoidoscopy, colonoscopy and double contrast barium enema.},
Author = {Moeslein, Gabriela},
ISSN = {9783540665274},
Journal = {Encyclopedic Reference of Cancer},
Keywords = {COLON cancer, FECAL occult blood tests, SIGMOIDOSCOPY, COLONOSCOPY, BARIUM enema, LARGE intestine cancer},
Pages = {213 - 219},
Title = {Colon Cancer.},
URL = {http://search.ebscohost.com/login.aspx?direct=true&AuthType=ip,sso&db=a9h&AN=23677758&site=ehost-live&scope=site&custid=s8428489},
Year = {2001},
}


@article{jansman2007,
  doi = {10.2165/00019053-200725070-00002},
  url = {https://doi.org/10.2165/00019053-200725070-00002},
  year = {2007},
  publisher = {Springer Science and Business Media {LLC}},
  volume = {25},
  number = {7},
  pages = {537--562},
  author = {Frank G A Jansman and Maarten J Postma and Jacobus R B J Brouwers},
  title = {Cost Considerations in the Treatment of Colorectal Cancer},
  journal = {{PharmacoEconomics}}
}

@article{pacal2020,
  doi = {10.1016/j.compbiomed.2020.104003},
  url = {https://doi.org/10.1016/j.compbiomed.2020.104003},
  year = {2020},
  month = nov,
  publisher = {Elsevier {BV}},
  volume = {126},
  pages = {104003},
  author = {Ishak Pacal and Dervis Karaboga and Alper Basturk and Bahriye Akay and Ufuk Nalbantoglu},
  title = {A comprehensive review of deep learning in colon cancer},
  journal = {Computers in Biology and Medicine}
}

@article{bernal2017,
  doi = {10.1109/tmi.2017.2664042},
  url = {https://doi.org/10.1109/tmi.2017.2664042},
  year = {2017},
  month = jun,
  publisher = {Institute of Electrical and Electronics Engineers ({IEEE})},
  volume = {36},
  number = {6},
  pages = {1231--1249},
  author = {Jorge Bernal and Nima Tajkbaksh and Francisco Javier Sanchez and Bogdan J. Matuszewski and Hao Chen and Lequan Yu and Quentin Angermann and Olivier Romain and Bjorn Rustad and Ilangko Balasingham and Konstantin Pogorelov and Sungbin Choi and Quentin Debard and Lena Maier-Hein and Stefanie Speidel and Danail Stoyanov and Patrick Brandao and Henry Cordova and Cristina Sanchez-Montes and Suryakanth R. Gurudu and Gloria Fernandez-Esparrach and Xavier Dray and Jianming Liang and Aymeric Histace},
  title = {Comparative Validation of Polyp Detection Methods in Video Colonoscopy: Results From the {MICCAI} 2015 Endoscopic Vision Challenge},
  journal = {{IEEE} Transactions on Medical Imaging}
}

@article{tajbakhsh2016,
  doi = {10.1109/tmi.2015.2487997},
  url = {https://doi.org/10.1109/tmi.2015.2487997},
  year = {2016},
  month = feb,
  publisher = {Institute of Electrical and Electronics Engineers ({IEEE})},
  volume = {35},
  number = {2},
  pages = {630--644},
  author = {Nima Tajbakhsh and Suryakanth R. Gurudu and Jianming Liang},
  title = {Automated Polyp Detection in Colonoscopy Videos Using Shape and Context Information},
  journal = {{IEEE} Transactions on Medical Imaging}
}

@article{vanrijn2006,
  doi = {10.1111/j.1572-0241.2006.00390.x},
  url = {https://doi.org/10.1111/j.1572-0241.2006.00390.x},
  year = {2006},
  month = feb,
  publisher = {Ovid Technologies (Wolters Kluwer Health)},
  volume = {101},
  number = {2},
  pages = {343--350},
  author = {Jeroen C. van Rijn and Johannes B. Reitsma and Jaap Stoker and Patrick M. Bossuyt and Sander J. van Deventer and Evelien Dekker},
  title = {Polyp Miss Rate Determined by Tandem Colonoscopy: A Systematic Review},
  journal = {The American Journal of Gastroenterology}
}

@article{leufkens2012,
  doi = {10.1055/s-0031-1291666},
  url = {https://doi.org/10.1055/s-0031-1291666},
  year = {2012},
  month = mar,
  publisher = {Georg Thieme Verlag {KG}},
  volume = {44},
  number = {05},
  pages = {470--475},
  author = {A. Leufkens and M. van Oijen and F. Vleggaar and P. Siersema},
  title = {Factors influencing the miss rate of polyps in a back-to-back colonoscopy study},
  journal = {Endoscopy}
}

@article{boo2015,
  doi = {10.3109/00365521.2015.1006672},
  url = {https://doi.org/10.3109/00365521.2015.1006672},
  year = {2015},
  month = jan,
  publisher = {Informa {UK} Limited},
  volume = {50},
  number = {7},
  pages = {908--915},
  author = {Sun-Jin Boo and Ji Hoon Jung and Jae Ho Park and Soo-Young Na and Seon Ok Kim and Sang Hyoung Park and Dong-Hoon Yang and Kyung-Jo Kim and Byong Duk Ye and Seung-Jae Myung and Suk-Kyun Yang and Jin-Ho Kim and Jeong-Sik Byeon},
  title = {An adequate level of training for technically competent colonoscopic polypectomy},
  journal = {Scandinavian Journal of Gastroenterology}
}

@incollection{brown2019,
  doi = {10.1016/b978-0-323-40232-3.00145-x},
  url = {https://doi.org/10.1016/b978-0-323-40232-3.00145-x},
  year = {2019},
  publisher = {Elsevier},
  pages = {1689--1699},
  author = {Shaun R. Brown and Terry C. Hicks and Charles B. Whitlow},
  title = {Diagnostic and Therapeutic Colonoscopy},
  booktitle = {Shackelford{\textquotesingle}s Surgery of the Alimentary Tract,  2 Volume Set}
}

@article{widerska2014,
  doi = {10.5114/wo.2013.39995},
  url = {https://doi.org/10.5114/wo.2013.39995},
  year = {2014},
  publisher = {Termedia Sp. z.o.o.},
  volume = {1},
  pages = {1--6},
  author = {Magdalena {\'{S}}widerska and Barbara Choroma{\'{n}}ska and Ewelina D{\k{a}}browska and Emilia Konarzewska-Duchnowska and Katarzyna Choroma{\'{n}}ska and Grzegorz Szczurko and Piotr My{\'{s}}liwiec and Jacek Dadan and Jerzy Robert {\L}adny and Krzysztof Zwierz},
  title = {Review The diagnostics of colorectal cancer},
  journal = {Wsp{\'{o}}{\l}czesna Onkologia}
}


@article{duloy2018,
  doi = {10.1016/j.gie.2017.08.032},
  url = {https://doi.org/10.1016/j.gie.2017.08.032},
  year = {2018},
  month = mar,
  publisher = {Elsevier {BV}},
  volume = {87},
  number = {3},
  pages = {635--644},
  author = {Anna M. Duloy and Tonya R. Kaltenbach and Rajesh N. Keswani},
  title = {Assessing colon polypectomy competency and its association with established quality metrics},
  journal = {Gastrointestinal Endoscopy}
}

@article{shehadeh2020,
  doi = {10.1016/j.ejor.2019.11.039},
  url = {https://doi.org/10.1016/j.ejor.2019.11.039},
  year = {2020},
  month = jun,
  publisher = {Elsevier {BV}},
  volume = {283},
  number = {2},
  pages = {549--561},
  author = {Karmel S. Shehadeh and Amy E.M. Cohn and Ruiwei Jiang},
  title = {A distributionally robust optimization approach for outpatient colonoscopy scheduling},
  journal = {European Journal of Operational Research}
}

@article{lin2017,
  doi = {10.5217/ir.2017.15.4.456},
  url = {https://doi.org/10.5217/ir.2017.15.4.456},
  year = {2017},
  publisher = {Korean Association for the Study of Intestinal Diseases},
  volume = {15},
  number = {4},
  pages = {456},
  author = {Otto S. Lin},
  title = {Sedation for routine gastrointestinal endoscopic procedures: a review on efficacy,  safety,  efficiency,  cost and satisfaction},
  journal = {Intestinal Research}
}

@article{saltzman2015,
  doi = {10.1016/j.gie.2014.09.048},
  url = {https://doi.org/10.1016/j.gie.2014.09.048},
  year = {2015},
  month = apr,
  publisher = {Elsevier {BV}},
  volume = {81},
  number = {4},
  pages = {781--794},
  author = {John R. Saltzman and Brooks D. Cash and Shabana F. Pasha and Dayna S. Early and V. Raman Muthusamy and Mouen A. Khashab and Krishnavel V. Chathadi and Robert D. Fanelli and Vinay Chandrasekhara and Jenifer R. Lightdale and Lisa Fonkalsrud and Amandeep K. Shergill and Joo Ha Hwang and G. Anton Decker and Terry L. Jue and Ravi Sharaf and Deborah A. Fisher and John A. Evans and Kimberly Foley and Aasma Shaukat and Mohamad A. Eloubeidi and Ashley L. Faulx and Amy Wang and Ruben D. Acosta},
  title = {Bowel preparation before colonoscopy},
  journal = {Gastrointestinal Endoscopy}
}

@article{lieberman2014,
  doi = {10.1016/j.gie.2014.01.014},
  url = {https://doi.org/10.1016/j.gie.2014.01.014},
  year = {2014},
  month = jul,
  publisher = {Elsevier {BV}},
  volume = {80},
  number = {1},
  pages = {133--143.e3},
  author = {David A. Lieberman and J. Lucas Williams and Jennifer L. Holub and Cynthia D. Morris and Judith R. Logan and Glenn M. Eisen and Patricia Carney},
  title = {Colonoscopy utilization and outcomes 2000 to 2011},
  journal = {Gastrointestinal Endoscopy}
}

@article{siegel2017,
  doi = {10.1093/jnci/djw322},
  url = {https://doi.org/10.1093/jnci/djw322},
  year = {2017},
  month = feb,
  publisher = {Oxford University Press ({OUP})},
  volume = {109},
  number = {8},
  author = {Rebecca L. Siegel and Stacey A. Fedewa and William F. Anderson and Kimberly D. Miller and Jiemin Ma and Philip S. Rosenberg and Ahmedin Jemal},
  title = {Colorectal Cancer Incidence Patterns in the United States,  1974{\textendash}2013},
  journal = {{JNCI}: Journal of the National Cancer Institute}
}

@article{tsikitis2014,
  doi = {10.1186/1471-2407-14-336},
  url = {https://doi.org/10.1186/1471-2407-14-336},
  year = {2014},
  month = may,
  publisher = {Springer Science and Business Media {LLC}},
  volume = {14},
  number = {1},
  author = {Vassiliki L Tsikitis and David W Larson and Marianne Huebner and Christine M Lohse and Patricia A Thompson},
  title = {Predictors of recurrence free survival for patients with stage {II} and {III} colon cancer},
  journal = {{BMC} Cancer}
}

@article{siegel2020,
  doi = {10.3322/caac.21590},
  url = {https://doi.org/10.3322/caac.21590},
  year = {2020},
  month = jan,
  publisher = {Wiley},
  volume = {70},
  number = {1},
  pages = {7--30},
  author = {Rebecca L. Siegel and Kimberly D. Miller and Ahmedin Jemal},
  title = {Cancer statistics,  2020},
  journal = {{CA}: A Cancer Journal for Clinicians}
}

@article{marra2012,
  doi = {10.1111/j.1467-9469.2011.00760.x},
  url = {https://doi.org/10.1111/j.1467-9469.2011.00760.x},
  year = {2012},
  month = jan,
  publisher = {Wiley},
  volume = {39},
  number = {1},
  pages = {53--74},
  author = {Giampiero Marra and Simon N. Wood},
  title = {Coverage Properties of Confidence Intervals for Generalized Additive Model Components},
  journal = {Scandinavian Journal of Statistics}
}

@article{laird1982,
  doi = {10.2307/2529876},
  url = {https://doi.org/10.2307/2529876},
  year = {1982},
  month = dec,
  publisher = {{JSTOR}},
  volume = {38},
  number = {4},
  pages = {963},
  author = {Nan M. Laird and James H. Ware},
  title = {Random-Effects Models for Longitudinal Data},
  journal = {Biometrics}
}

@book{mcelreath2018,
  doi = {10.1201/9781315372495},
  url = {https://doi.org/10.1201/9781315372495},
  year = {2018},
  month = jan,
  publisher = {Chapman and Hall/{CRC}},
  author = {Richard McElreath},
  title = {Statistical Rethinking}
}

@article{miller2019,
  title={Bayesian views of generalized additive modelling},
  author={Miller, David L},
  journal={arXiv preprint arXiv:1902.01330},
  year={2019}
}

@article{hastie1995,
  doi = {10.1177/096228029500400302},
  url = {https://doi.org/10.1177/096228029500400302},
  year = {1995},
  month = sep,
  publisher = {{SAGE} Publications},
  volume = {4},
  number = {3},
  pages = {187--196},
  author = {Trevor Hastie and Robert Tibshirani},
  title = {Generalized additive models for medical research},
  journal = {Statistical Methods in Medical Research}
}

@article{begley2015,
  doi = {10.1161/circresaha.114.303819},
  url = {https://doi.org/10.1161/circresaha.114.303819},
  year = {2015},
  month = jan,
  publisher = {Ovid Technologies (Wolters Kluwer Health)},
  volume = {116},
  number = {1},
  pages = {116--126},
  author = {C. Glenn Begley and John P.A. Ioannidis},
  title = {Reproducibility in Science},
  journal = {Circulation Research}
}

@article{lang2015,
  doi = {10.1016/j.ijnurstu.2014.09.006},
  url = {https://doi.org/10.1016/j.ijnurstu.2014.09.006},
  year = {2015},
  month = jan,
  publisher = {Elsevier {BV}},
  volume = {52},
  number = {1},
  pages = {5--9},
  author = {Thomas A. Lang and Douglas G. Altman},
  title = {Basic statistical reporting for articles published in Biomedical Journals: The {\textquotedblleft}Statistical Analyses and Methods in the Published Literature{\textquotedblright} or the    {SAMPL} Guidelines},
  journal = {International Journal of Nursing Studies}
}

@article{weissgerber2018,
  doi = {10.7554/elife.36163},
  url = {https://doi.org/10.7554/elife.36163},
  year = {2018},
  month = dec,
  publisher = {{eLife} Sciences Publications,  Ltd},
  volume = {7},
  author = {Tracey L Weissgerber and Oscar Garcia-Valencia and Vesna D Garovic and Natasa M Milic and Stacey J Winham},
  title = {Why we need to report more than {\textquotesingle}Data were Analyzed by t-tests or {ANOVA}{\textquotesingle}},
  journal = {{eLife}}
}

@book{harezlak2018,
  doi = {10.1007/978-1-4939-8853-2},
  url = {https://doi.org/10.1007/978-1-4939-8853-2},
  year = {2018},
  publisher = {Springer New York},
  author = {Jaroslaw Harezlak and David Ruppert and Matt P. Wand},
  title = {Semiparametric Regression with R}
}

@Manual{gratia,
    title = {gratia: Graceful 'ggplot'-Based Graphics and Other Functions for GAMs
    Fitted Using 'mgcv'},
    author = {Gavin L. Simpson},
    year = {2020},
    note = {R package version 0.4.1},
    url = {https://CRAN.R-project.org/package=gratia},
  }

@article{charan2013,
  doi = {10.4103/0976-500x.119726},
  url = {https://doi.org/10.4103/0976-500x.119726},
  year = {2013},
  publisher = {Medknow},
  volume = {4},
  number = {4},
  pages = {303},
  author = {Jaykaran Charan and ND Kantharia},
  title = {How to calculate sample size in animal studies?},
  journal = {Journal of Pharmacology and Pharmacotherapeutics}
}

@article{greening2018,
  doi = {10.1364/boe.9.002871},
  url = {https://doi.org/10.1364/boe.9.002871},
  year = {2018},
  month = may,
  publisher = {The Optical Society},
  volume = {9},
  number = {6},
  pages = {2871},
  author = {Gage J. Greening and Kathryn P. Miller and Caroline R. Spainhour and Mattison D. Cato and Timothy J. Muldoon},
  title = {Effects of isoflurane anesthesia on physiological parameters in murine subcutaneous tumor allografts measured via diffuse reflectance spectroscopy},
  journal = {Biomedical Optics Express}
}

@article{geisser1958,
  doi = {10.1214/aoms/1177706545},
  url = {https://doi.org/10.1214/aoms/1177706545},
  year = {1958},
  month = sep,
  publisher = {Institute of Mathematical Statistics},
  volume = {29},
  number = {3},
  pages = {885--891},
  author = {Seymour Geisser and Samuel W. Greenhouse},
  title = {An Extension of Box{\textquotesingle}s Results on the Use of the {\textdollar}F{\textdollar} Distribution in Multivariate Analysis},
  journal = {The Annals of Mathematical Statistics}
}

@article{greenhouse1959,
  doi = {10.1007/bf02289823},
  url = {https://doi.org/10.1007/bf02289823},
  year = {1959},
  month = jun,
  publisher = {Springer Science and Business Media {LLC}},
  volume = {24},
  number = {2},
  pages = {95--112},
  author = {Samuel W. Greenhouse and Seymour Geisser},
  title = {On methods in the analysis of profile data},
  journal = {Psychometrika}
}

@Manual{nlme,
    title = {{nlme}: Linear and Nonlinear Mixed Effects Models},
    author = {Jose Pinheiro and Douglas Bates and Saikat DebRoy and Deepayan Sarkar and {R Core Team}},
    year = {2020},
    note = {R package version 3.1-150},
    url = {https://CRAN.R-project.org/package=nlme},
  }

@manual{r,
  title = {R: A Language and Environment for Statistical Computing},
  author = {{R Core Team}},
  organization = {R Foundation for Statistical Computing},
  address = {Vienna, Austria},
  year = {2020},
  url = {https://www.R-project.org/},
}

@article{barr2013,
  doi = {10.1016/j.jml.2012.11.001},
  url = {https://doi.org/10.1016/j.jml.2012.11.001},
  year = {2013},
  month = apr,
  publisher = {Elsevier {BV}},
  volume = {68},
  number = {3},
  pages = {255--278},
  author = {Dale J. Barr and Roger Levy and Christoph Scheepers and Harry J. Tily},
  title = {Random effects structure for confirmatory hypothesis testing: Keep it maximal},
  journal = {Journal of Memory and Language}
}

@article{gelman2012,
  doi = {10.1080/19345747.2011.618213},
  url = {https://doi.org/10.1080/19345747.2011.618213},
  year = {2012},
  month = apr,
  publisher = {Informa {UK} Limited},
  volume = {5},
  number = {2},
  pages = {189--211},
  author = {Andrew Gelman and Jennifer Hill and Masanao Yajima},
  title = {Why We (Usually) Don{\textquotesingle}t Have to Worry About Multiple Comparisons},
  journal = {Journal of Research on Educational Effectiveness}
}

@article{abdi2010,
  title={{Holm’s sequential Bonferroni procedure}},
  author={Abdi, Herv{\'e}},
  journal={Encyclopedia of Research Design},
  volume={1},
  number={8},
  pages={1--8},
  DOI ={10.4135/9781412961288.n178},
  year={2010}
}

@article{albers2019,
  doi = {10.1038/s41467-019-09941-0},
  url = {https://doi.org/10.1038/s41467-019-09941-0},
  year = {2019},
  month = apr,
  publisher = {Springer Science and Business Media {LLC}},
  volume = {10},
  number = {1},
  author = {Casper Albers},
  title = {The problem with unadjusted multiple and sequential statistical testing},
  journal = {Nature Communications}
}

@article{nakagawa2004,
  doi = {10.1093/beheco/arh107},
  url = {https://doi.org/10.1093/beheco/arh107},
  year = {2004},
  month = nov,
  publisher = {Oxford University Press ({OUP})},
  volume = {15},
  number = {6},
  pages = {1044--1045},
  author = {Shinichi Nakagawa},
  title = {A farewell to Bonferroni: the problems of low statistical power and publication bias},
  journal = {Behavioral Ecology}
}

@article{wang2019,
  doi = {10.1136/gpsych-2019-100081},
  url = {https://doi.org/10.1136/gpsych-2019-100081},
  year = {2019},
  month = jul,
  publisher = {{BMJ}},
  volume = {32},
  number = {3},
  pages = {e100081},
  author = {Bokai Wang and Zhirou Zhou and Hongyue Wang and Xin M Tu and Changyong Feng},
  title = {The p-value and model specification in statistics},
  journal = {General Psychiatry}
}

@article{dennis2019,
  doi = {10.3389/fevo.2019.00372},
  url = {https://doi.org/10.3389/fevo.2019.00372},
  year = {2019},
  month = oct,
  publisher = {Frontiers Media {SA}},
  volume = {7},
  author = {Brian Dennis and Jos{\'{e}} Miguel Ponciano and Mark L. Taper and Subhash R. Lele},
  title = {Errors in Statistical Inference Under Model Misspecification: Evidence,  Hypothesis Testing,  and {AIC}},
  journal = {Frontiers in Ecology and Evolution}
}

@article{nelder1972,
  doi = {10.2307/2344614},
  url = {https://doi.org/10.2307/2344614},
  year = {1972},
  publisher = {{JSTOR}},
  volume = {135},
  number = {3},
  pages = {370},
  author = {J. A. Nelder and R. W. M. Wedderburn},
  title = {Generalized Linear Models},
  journal = {Journal of the Royal Statistical Society. Series A (General)}
}


@article{yang2012,
  doi = {10.1186/1471-2288-12-165},
  url = {https://doi.org/10.1186/1471-2288-12-165},
  year = {2012},
  month = oct,
  publisher = {Springer Science and Business Media {LLC}},
  volume = {12},
  number = {1},
  author = {Lei Yang and Guoyou Qin and Naiqing Zhao and Chunfang Wang and Guixiang Song},
  title = {Using a generalized additive model with autoregressive terms to study the effects of daily temperature on mortality},
  journal = {{BMC} Medical Research Methodology}
}

@article{wegman1983,
  doi = {10.1080/01621459.1983.10477977},
  url = {https://doi.org/10.1080/01621459.1983.10477977},
  year = {1983},
  month = jun,
  publisher = {Informa {UK} Limited},
  volume = {78},
  number = {382},
  pages = {351--365},
  author = {Edward J. Wegman and Ian W. Wright},
  title = {Splines in Statistics},
  journal = {Journal of the American Statistical Association}
}

@article{beck1998,
  doi = {10.2307/2991772},
  url = {https://doi.org/10.2307/2991772},
  year = {1998},
  month = apr,
  publisher = {{JSTOR}},
  volume = {42},
  number = {2},
  pages = {596},
  author = {Nathaniel Beck and Simon Jackman},
  title = {Beyond Linearity by Default: Generalized Additive Models},
  journal = {American Journal of Political Science}
}

@article{keselman2001,
  doi = {10.1348/000711001159357},
  url = {https://doi.org/10.1348/000711001159357},
  year = {2001},
  month = may,
  publisher = {Wiley},
  volume = {54},
  number = {1},
  pages = {1--20},
  author = {H. J. Keselman and James Algina and Rhonda K. Kowalchuk},
  title = {The analysis of repeated measures designs: A review},
  journal = {British Journal of Mathematical and Statistical Psychology}
}

@article{wood2016,
  doi = {10.1080/01621459.2016.1180986},
  url = {https://doi.org/10.1080/01621459.2016.1180986},
  year = {2016},
  month = oct,
  publisher = {Informa {UK} Limited},
  volume = {111},
  number = {516},
  pages = {1548--1563},
  author = {Simon N. Wood and Natalya Pya and Benjamin S\"{a}fken},
  title = {Smoothing Parameter and Model Selection for General Smooth Models},
  journal = {Journal of the American Statistical Association}
}

@article{rose2012,
  doi = {10.1016/j.gca.2010.12.026},
  url = {https://doi.org/10.1016/j.gca.2010.12.026},
  year = {2012},
  month = apr,
  publisher = {Elsevier {BV}},
  volume = {82},
  pages = {113--135},
  author = {Neil L. Rose and Handong Yang and Simon D. Turner and Gavin L. Simpson},
  title = {An assessment of the mechanisms for the transfer of lead and mercury from atmospherically contaminated organic soils to lake sediments with particular reference to Scotland,  {UK}},
  journal = {Geochimica et Cosmochimica Acta}
}

@article{pedersen2019,
  doi = {10.7717/peerj.6876},
  url = {https://doi.org/10.7717/peerj.6876},
  year = {2019},
  month = may,
  publisher = {{PeerJ}},
  volume = {7},
  pages = {e6876},
  author = {Eric J. Pedersen and David L. Miller and Gavin L. Simpson and Noam Ross},
  title = {Hierarchical generalized additive models in ecology: an introduction with mgcv},
  journal = {{PeerJ}}
}

@article{simpson2018,
  doi = {10.3389/fevo.2018.00149},
  url = {https://doi.org/10.3389/fevo.2018.00149},
  year = {2018},
  month = oct,
  publisher = {Frontiers Media {SA}},
  volume = {6},
  author = {Gavin L. Simpson},
  title = {Modelling Palaeoecological Time Series Using Generalised Additive Models},
  journal = {Frontiers in Ecology and Evolution}
}

@article{hastie1987,
  doi = {10.1080/01621459.1987.10478440},
  url = {https://doi.org/10.1080/01621459.1987.10478440},
  year = {1987},
  month = jun,
  publisher = {Informa {UK} Limited},
  volume = {82},
  number = {398},
  pages = {371--386},
  author = {Trevor Hastie and Robert Tibshirani},
  title = {Generalized Additive Models: Some Applications},
  journal = {Journal of the American Statistical Association}
}

@article{ma2012,
  doi = {10.1097/aap.0b013e31823ebc74},
  url = {https://doi.org/10.1097/aap.0b013e31823ebc74},
  year = {2012},
  publisher = {{BMJ}},
  volume = {37},
  number = {1},
  pages = {99--105},
  author = {Yan Ma and Madhu Mazumdar and Stavros G. Memtsoudis},
  title = {Beyond Repeated-Measures Analysis of Variance},
  journal = {Regional Anesthesia and Pain Medicine}
}

@book{maxwell2017,
  doi = {10.4324/9781315642956},
  url = {https://doi.org/10.4324/9781315642956},
  year = {2017},
  month = sep,
  publisher = {Routledge},
  author = {Scott E. Maxwell and Harold D. Delaney and Ken Kelley},
  title = {Designing Experiments and Analyzing Data}
}

@article{scheffer2002,
  title={Dealing with missing data},
  author={Scheffer, Judi},
  journal={Research Letters in the Information and Mathematical Sciences},
  year={2002},
  volume={3},
  pages={153-160},
  publisher={Massey University}
}

@article{potthoff2006,
  doi = {10.1191/0962280206sm448oa},
  url = {https://doi.org/10.1191/0962280206sm448oa},
  year = {2006},
  month = jun,
  publisher = {{SAGE} Publications},
  volume = {15},
  number = {3},
  pages = {213--234},
  author = {Richard F Potthoff and Gail E Tudor and Karen S Pieper and Vic Hasselblad},
  title = {Can one assess whether missing data are missing at random in medical studies?},
  journal = {Statistical Methods in Medical Research}
}

@article{molenberghs2004,
  doi = {10.1093/biostatistics/kxh001},
  url = {https://doi.org/10.1093/biostatistics/kxh001},
  year = {2004},
  month = jul,
  publisher = {Oxford University Press ({OUP})},
  volume = {5},
  number = {3},
  pages = {445--464},
  author = {G. Molenberghs},
  title = {Analyzing incomplete longitudinal clinical trial data},
  journal = {Biostatistics}
}

@article{haverkamp2017,
  doi = {10.3389/fpsyg.2017.01841},
  url = {https://doi.org/10.3389/fpsyg.2017.01841},
  year = {2017},
  month = oct,
  publisher = {Frontiers Media {SA}},
  volume = {8},
  author = {Nicolas Haverkamp and Andr{\'{e}} Beauducel},
  title = {Violation of the Sphericity Assumption and Its Effect on Type-I Error Rates in Repeated Measures {ANOVA} and Multi-Level Linear Models ({MLM})},
  journal = {Frontiers in Psychology}
}

@article{huynh1976,
  doi = {10.3102/10769986001001069},
  url = {https://doi.org/10.3102/10769986001001069},
  year = {1976},
  month = mar,
  publisher = {American Educational Research Association ({AERA})},
  volume = {1},
  number = {1},
  pages = {69--82},
  author = {Huynh Huynh and Leonard S. Feldt},
  title = {Estimation of the Box Correction for Degrees of Freedom from Sample Data in Randomized Block and Split-Plot Designs},
  journal = {Journal of Educational Statistics}
}

@article{wolfinger1996,
  doi = {10.2307/1400366},
  url = {https://doi.org/10.2307/1400366},
  year = {1996},
  month = jun,
  publisher = {Springer Science and Business Media {LLC}},
  volume = {1},
  number = {2},
  pages = {205},
  author = {Russell D. Wolfinger},
  title = {Heterogeneous Variance: Covariance Structures for Repeated Measures},
  journal = {Journal of Agricultural,  Biological,  and Environmental Statistics}
}

@book{weiss2005,
  title = {Modeling Longitudinal Data},
  author = {Weiss, R.E.},
  isbn = {9780387402710},
  doi = {10.1007/0-387-28314-5},
  lccn ={2005923259},
  series={Springer Texts in Statistics},
  url={https://books.google.com/books?id=MQ\_bvWDPsEAC},
  year={2005},
  publisher={Springer New York}
}

@article{roy2006,
  doi = {10.1002/bimj.200510192},
  url = {https://doi.org/10.1002/bimj.200510192},
  year = {2006},
  month = apr,
  publisher = {Wiley},
  volume = {48},
  number = {2},
  pages = {286--301},
  author = {Anuradha Roy},
  title = {Estimating Correlation Coefficient between Two Variables with Repeated Observations using Mixed Effects Model},
  journal = {Biometrical Journal}
}

@article{halsey2015,
  doi = {10.1038/nmeth.3288},
  url = {https://doi.org/10.1038/nmeth.3288},
  year = {2015},
  month = feb,
  publisher = {Springer Science and Business Media {LLC}},
  volume = {12},
  number = {3},
  pages = {179--185},
  author = {Lewis G Halsey and Douglas Curran-Everett and Sarah L Vowler and Gordon B Drummond},
  title = {The fickle P value generates irreproducible results},
  journal = {Nature Methods}
}

@book{davis2002,
  doi = {10.1007/b97287},
  url = {https://doi.org/10.1007/b97287},
  title={Statistical methods for the analysis of repeated measurements},
  author={Davis, Charles S},
  year={2002},
  publisher={Springer Science \& Business Media}
}

@article{ko2007,
  doi = {10.1136/thx.2006.076166},
  url = {https://doi.org/10.1136/thx.2006.076166},
  year = {2007},
  month = sep,
  publisher = {{BMJ}},
  volume = {62},
  number = {9},
  pages = {780--785},
  author = {F. W S Ko and W. Tam and T. W. Wong and D. P S Chan and A. H Tung and C. K W Lai and D. S C Hui},
  title = {Temporal relationship between air pollutants and hospital admissions for chronic obstructive pulmonary disease in Hong Kong},
  journal = {Thorax}
}

@article{hefley2017,
  doi = {10.1002/ecy.1674},
  url = {https://doi.org/10.1002/ecy.1674},
  year = {2017},
  month = feb,
  publisher = {Wiley},
  volume = {98},
  number = {3},
  pages = {632--646},
  author = {Trevor J. Hefley and Kristin M. Broms and Brian M. Brost and Frances E. Buderman and Shannon L. Kay and Henry R. Scharf and John R. Tipton and Perry J. Williams and Mevin B. Hooten},
  title = {The basis function approach for modeling autocorrelation in ecological data},
  journal = {Ecology}
}

@article{woolway2016,
  doi = {10.1371/journal.pone.0152466},
  url = {https://doi.org/10.1371/journal.pone.0152466},
  year = {2016},
  month = mar,
  publisher = {Public Library of Science ({PLoS})},
  volume = {11},
  number = {3},
  pages = {e0152466},
  author = {R. Iestyn Woolway and Ian D. Jones and Stephen C. Maberly and Jon R. French and David M. Livingstone and Donald T. Monteith and Gavin L. Simpson and Stephen J. Thackeray and Mikkel R. Andersen and Richard W. Battarbee and Curtis L. DeGasperi and Christopher D. Evans and Elvira de Eyto and Heidrun Feuchtmayr and David P. Hamilton and Martin Kernan and Jan Krokowski and Alon Rimmer and Kevin C. Rose and James A. Rusak and David B. Ryves and Daniel R. Scott and Ewan M. Shilland and Robyn L. Smyth and Peter A. Staehr and Rhian Thomas and Susan Waldron and Gesa A. Weyhenmeyer},
  editor = {Todd Miller},
  title = {Diel Surface Temperature Range Scales with Lake Size},
  journal = {{PLOS} {ONE}}
}

@book{wood2017,
  doi = {10.1201/9781315370279},
  url = {https://doi.org/10.1201/9781315370279},
  year = {2017},
  month = may,
  publisher = {Chapman and Hall/{CRC}},
  author = {Simon N. Wood},
  title = {Generalized Additive Models}
}

@article{zhou2017,
  title={Bayesian Nonparametric Models for Biomedical Data Analysis},
  author={Zhou, Tianjian},
  journal={arXiv preprint arXiv:1710.09890},
  year={2017}
}

@article{kwon2020,
  doi = {10.1016/j.csda.2019.106816},
  url = {https://doi.org/10.1016/j.csda.2019.106816},
  year = {2020},
  month = feb,
  publisher = {Elsevier {BV}},
  volume = {142},
  pages = {106816},
  author = {Yongchan Kwon and Joong-Ho Won and Beom Joon Kim and Myunghee Cho Paik},
  title = {Uncertainty quantification using Bayesian neural networks in classification: Application to biomedical image segmentation},
  journal = {Computational Statistics {\&} Data Analysis}
}

@article{kelter2020,
  doi = {10.1186/s12874-020-00980-6},
  url = {https://doi.org/10.1186/s12874-020-00980-6},
  year = {2020},
  month = jun,
  publisher = {Springer Science and Business Media {LLC}},
  volume = {20},
  number = {1},
  author = {Riko Kelter},
  title = {Bayesian alternatives to null hypothesis significance testing in biomedical research: a non-technical introduction to Bayesian inference with {JASP}},
  journal = {{BMC} Medical Research Methodology}
}

@article{conn2018,
  doi = {10.1002/ecm.1314},
  url = {https://doi.org/10.1002/ecm.1314},
  year = {2018},
  month = jun,
  publisher = {Wiley},
  volume = {88},
  number = {4},
  pages = {526--542},
  author = {Paul B. Conn and Devin S. Johnson and Perry J. Williams and Sharon R. Melin and Mevin B. Hooten},
  title = {A guide to Bayesian model checking for ecologists},
  journal = {Ecological Monographs}
}

@article{biswas2009,
  doi = {10.1177/1740774509104992},
  url = {https://doi.org/10.1177/1740774509104992},
  year = {2009},
  month = jun,
  publisher = {{SAGE} Publications},
  volume = {6},
  number = {3},
  pages = {205--216},
  author = {Swati Biswas and Diane D Liu and J Jack Lee and Donald A Berry},
  title = {Bayesian clinical trials at the University of Texas M. D. Anderson Cancer Center},
  journal = {Clinical Trials}
}

@article{halsey2019,
  doi = {10.1098/rsbl.2019.0174},
  url = {https://doi.org/10.1098/rsbl.2019.0174},
  year = {2019},
  month = may,
  publisher = {The Royal Society},
  volume = {15},
  number = {5},
  pages = {20190174},
  author = {Lewis G. Halsey},
  title = {The reign of the
		            p
		            -value is over: what alternative analyses could we employ to fill the power vacuum?},
  journal = {Biology Letters}
}

@article{nuzzo2014,
  doi = {10.1038/506150a},
  url = {https://doi.org/10.1038/506150a},
  year = {2014},
  month = feb,
  publisher = {Springer Science and Business Media {LLC}},
  volume = {506},
  number = {7487},
  pages = {150--152},
  author = {Regina Nuzzo},
  title = {Scientific method: Statistical errors},
  journal = {Nature}
}

@article{schielzeth2020,
  doi = {10.1111/2041-210x.13434},
  url = {https://doi.org/10.1111/2041-210x.13434},
  year = {2020},
  month = jul,
  publisher = {Wiley},
  volume = {11},
  number = {9},
  pages = {1141--1152},
  author = {Holger Schielzeth and Niels J. Dingemanse and Shinichi Nakagawa and David F. Westneat and Hassen Allegue and C{\'{e}}line Teplitsky and Denis R{\'{e}}ale and Ned A. Dochtermann and L{\'{a}}szl{\'{o}} Zsolt Garamszegi and Yimen G. Araya-Ajoy},
  editor = {Chris Sutherland},
  title = {Robustness of linear mixed-effects models to violations of distributional assumptions},
  journal = {Methods in Ecology and Evolution}
}

@book{pinheiro2006,
   author = {Pinheiro, José and Bates, Douglas},
   title = {{Mixed-effects models in S and S-PLUS}},
   publisher = {Springer Science and Business Media},
   ISBN = {0387227474},
   DOI = {https://doi.org/10.1007/b98882},
   year = {2006},
   type = {Book}
}

@article{vishwanath2009,
  doi = {10.1593/neo.09580},
  url = {https://doi.org/10.1593/neo.09580},
  year = {2009},
  month = sep,
  publisher = {Elsevier {BV}},
  volume = {11},
  number = {9},
  pages = {889--900},
  author = {Karthik Vishwanath and Hong Yuan and William T. Barry and Mark W. Dewhirst and Nimmi Ramanujam},
  title = {Using Optical Spectroscopy to Longitudinally Monitor Physiological Changes within Solid Tumors},
  journal = {Neoplasia}
}

@article{chavalarias2016,
  doi = {10.1001/jama.2016.1952},
  url = {https://doi.org/10.1001/jama.2016.1952},
  year = {2016},
  month = mar,
  publisher = {American Medical Association ({AMA})},
  volume = {315},
  number = {11},
  pages = {1141},
  author = {David Chavalarias and Joshua David Wallach and Alvin Ho Ting Li and John P. A. Ioannidis},
  title = {Evolution of {ReportingPValues} in the Biomedical Literature,  1990-2015},
  journal = {{JAMA}}
}

@article{sio2016,
  doi = {10.1007/s00520-016-3213-3},
  url = {https://doi.org/10.1007/s00520-016-3213-3},
  year = {2016},
  month = apr,
  publisher = {Springer Science and Business Media {LLC}},
  volume = {24},
  number = {9},
  pages = {3847--3855},
  author = {Terence T. Sio and Pamela J. Atherton and Brandon J. Birckhead and David J. Schwartz and Jeff A. Sloan and Drew K. Seisler and James A. Martenson and Charles L. Loprinzi and Patricia C. Griffin and Roscoe F. Morton and Jon C. Anders and Thomas J. Stoffel and Robert E. Haselow and Rex B. Mowat and Michelle A. Neben Wittich and James D. Bearden and Robert C. Miller},
  title = {Repeated measures analyses of dermatitis symptom evolution in breast cancer patients receiving radiotherapy in a phase 3 randomized trial of mometasone furoate vs placebo (N06C4 [alliance])},
  journal = {Supportive Care in Cancer}
}

@article{ritter2001,
      Author = {Ritter, G and Cohen, LS and Williams, C and Richards, EC and Old, LJ and
         Welt, S},
      Title = {{Serological analysis of human anti-human antibody responses in colon
         cancer patients treated with repeated doses of humanized monoclonal
         antibody A33}},
      Journal = {{Cancer Research}},
      Year = {{2001}},
      Volume = {{61}},
      Number = {{18}},
      Pages = {{6851-6859}},
      Month = {{SEP 15}},
      Publisher = {{AMER ASSOC CANCER RESEARCH}},
      Address = {{PO BOX 11806, BIRMINGHAM, AL 35202 USA}},
      Type = {{Article}}
      }

@article{kamstra2015,
  doi = {10.1016/j.oraloncology.2015.01.016},
  url = {https://doi.org/10.1016/j.oraloncology.2015.01.016},
  year = {2015},
  month = may,
  publisher = {Elsevier {BV}},
  volume = {51},
  number = {5},
  pages = {548--555},
  author = {J.I. Kamstra and P.U. Dijkstra and M. van Leeuwen and J.L.N. Roodenburg and J.A. Langendijk},
  title = {Mouth opening in patients irradiated for head and neck cancer: A prospective repeated measures study},
  journal = {Oral Oncology}
}

@article{jones2018,
  doi = {10.1038/s42003-018-0206-4},
  url = {https://doi.org/10.1038/s42003-018-0206-4},
  year = {2018},
  month = nov,
  publisher = {Springer Science and Business Media {LLC}},
  volume = {1},
  number = {1},
  author = {Jake D. Jones and Hallie E. Ramser and Alan E. Woessner and Kyle P. Quinn},
  title = {In vivo multiphoton microscopy detects longitudinal metabolic changes associated with delayed skin wound healing},
  journal = {Communications Biology}
}

@article{roth2017,
  doi = {10.1056/nejmc1616623},
  url = {https://doi.org/10.1056/nejmc1616623},
  year = {2017},
  month = apr,
  publisher = {Massachusetts Medical Society},
  volume = {376},
  number = {16},
  pages = {1589--1590},
  author = {Eli M. Roth and Anne C. Goldberg and Alberico L. Catapano and Albert Torri and George D. Yancopoulos and Neil Stahl and Aur{\'{e}}lie Brunet and Guillaume Lecorps and Helen M. Colhoun},
  title = {Antidrug Antibodies in Patients Treated with Alirocumab},
  journal = {New England Journal of Medicine}
}

@article{roblyer2011,
  doi = {10.1073/pnas.1013103108},
  url = {https://doi.org/10.1073/pnas.1013103108},
  year = {2011},
  month = aug,
  publisher = {Proceedings of the National Academy of Sciences},
  volume = {108},
  number = {35},
  pages = {14626--14631},
  author = {D. Roblyer and S. Ueda and A. Cerussi and W. Tanamai and A. Durkin and R. Mehta and D. Hsiang and J. A. Butler and C. McLaren and W.-P. Chen and B. Tromberg},
  title = {Optical imaging of breast cancer oxyhemoglobin flare correlates with neoadjuvant chemotherapy response one day after starting treatment},
  journal = {Proceedings of the National Academy of Sciences}
}

@article{tank2020,
  doi = {10.1186/s13058-020-01262-1},
  url = {https://doi.org/10.1186/s13058-020-01262-1},
  year = {2020},
  month = mar,
  publisher = {Springer Science and Business Media {LLC}},
  volume = {22},
  number = {1},
  author = {Anup Tank and Hannah M. Peterson and Vivian Pera and Syeda Tabassum and Anais Leproux and Thomas O'Sullivan and Eric Jones and Howard Cabral and Naomi Ko and Rita S. Mehta and Bruce J.    Tromberg and Darren Roblyer},
  title = {Diffuse optical spectroscopic imaging reveals distinct early breast tumor hemodynamic responses to metronomic and maximum tolerated dose regimens},
  journal = {Breast Cancer Research}
}

@article{skala2010,
  doi = {10.1117/1.3285584},
  url = {https://doi.org/10.1117/1.3285584},
  year = {2010},
  publisher = {{SPIE}-Intl Soc Optical Eng},
  volume = {15},
  number = {1},
  pages = {011112},
  author = {Melissa C. Skala and Andrew Fontanella and Lan Lan and Joseph A. Izatt and Mark W. Dewhirst},
  title = {Longitudinal optical imaging of tumor metabolism and hemodynamics},
  journal = {Journal of Biomedical Optics}
}

@article{pavlov2018,
  doi = {10.1117/1.jbo.23.9.091410},
  url = {https://doi.org/10.1117/1.jbo.23.9.091410},
  year = {2018},
  month = may,
  publisher = {{SPIE}-Intl Soc Optical Eng},
  volume = {23},
  number = {09},
  pages = {1},
  author = {Mikhail Viktorovich Pavlov and Tatyana Igorevna Kalganova and Yekaterina Sergeevna Lyubimtseva},
  title = {Multimodal approach in assessment of the response of breast cancer to neoadjuvant chemotherapy},
  journal = {Journal of Biomedical Optics}
}

@article{demidov2018,
  doi = {10.1038/s41598-017-18635-w},
  url = {https://doi.org/10.1038/s41598-017-18635-w},
  year = {2018},
  month = jan,
  publisher = {Springer Science and Business Media {LLC}},
  volume = {8},
  number = {1},
  author = {Valentin Demidov and Azusa Maeda and Mitsuro Sugita and Victoria Madge and Siddharth Sadanand and Costel Flueraru and I. Alex Vitkin},
  title = {Preclinical longitudinal imaging of tumor microvascular radiobiological response with functional optical coherence tomography},
  journal = {Scientific Reports}
}

@article{guo2013,
  doi = {10.1186/1471-2288-13-100},
  url = {https://doi.org/10.1186/1471-2288-13-100},
  year = {2013},
  month = jul,
  publisher = {Springer Science and Business Media {LLC}},
  volume = {13},
  number = {1},
  author = {Yi Guo and Henrietta L Logan and Deborah H Glueck and Keith E Muller},
  title = {Selecting a sample size for studies with repeated measures},
  journal = {{BMC} Medical Research Methodology}
}

@article{schober2018,
  doi = {10.1213/ane.0000000000003511},
  url = {https://doi.org/10.1213/ane.0000000000003511},
  year = {2018},
  month = aug,
  publisher = {Ovid Technologies (Wolters Kluwer Health)},
  volume = {127},
  number = {2},
  pages = {569--575},
  author = {Patrick Schober and Thomas R. Vetter},
  title = {Repeated Measures Designs and Analysis of Longitudinal Data},
  journal = {Anesthesia {\&} Analgesia}
}

@article{gueorguieva2004,
  doi = {10.1001/archpsyc.61.3.310},
  url = {https://doi.org/10.1001/archpsyc.61.3.310},
  year = {2004},
  month = mar,
  publisher = {American Medical Association ({AMA})},
  volume = {61},
  number = {3},
  pages = {310},
  author = {Ralitza Gueorguieva and John H. Krystal},
  title = {Move Over {ANOVA}},
  journal = {Archives of General Psychiatry}
}

@book{fitzmaurice2012,
  title={Applied longitudinal analysis},
  author={Fitzmaurice, Garrett M and Laird, Nan M and Ware, James H},
  volume={998},
  year={2012},
  publisher={John Wiley \& Sons}
}

@article{liu2010,
  doi = {10.1038/mt.2010.127},
  url = {https://doi.org/10.1038/mt.2010.127},
  year = {2010},
  month = sep,
  publisher = {Elsevier {BV}},
  volume = {18},
  number = {9},
  pages = {1724--1730},
  author = {Chunyan Liu and Timothy P Cripe and Mi-Ok Kim},
  title = {Statistical Issues in Longitudinal Data Analysis for Treatment Efficacy Studies in the Biomedical Sciences},
  journal = {Molecular Therapy}
}

@book{west2014,
  title={Linear Mixed Models: A Practical Guide Using Statistical Software, Second Edition},
  author={West, B.T. and Welch, K.B. and Galecki, A.T.},
  isbn={9781466560994},
  lccn={2014010347},
  url={https://books.google.com/books?id=hjT6AwAAQBAJ},
  year={2014},
  publisher={Taylor \& Francis}
}

@article{grice2010,
  doi = {10.1073/pnas.1004204107},
  url = {https://doi.org/10.1073/pnas.1004204107},
  year = {2010},
  month = jul,
  publisher = {Proceedings of the National Academy of Sciences},
  volume = {107},
  number = {33},
  pages = {14799--14804},
  author = {E. A. Grice and E. S. Snitkin and L. J. Yockey and D. M. Bermudez and K. W. Liechty and J. A. Segre and J. Mullikin and R. Blakesley and A. Young and G. Chu and C. Ramsahoye and S.        Lovett and J. Han and R. Legaspi and T. Fuksenko and N. Reddix-Dugue and C. Sison and M. Gregory and C. Montemayor and M. Gestole and A. Hargrove and T. Johnson and J. Myrick and N. Riebow and B.   Schmidt and B. Novotny and J. Gupti and B. Benjamin and S. Brooks and H. Coleman and S.-l. Ho and K. Schandler and L. Smith and M. Stantripop and Q. Maduro and G. Bouffard and M. Dekhtyar and X.    Guan and C. Masiello and B. Maskeri and J. McDowell and M. Park and P. Jacques Thomas and},
  title = {Longitudinal shift in diabetic wound microbiota correlates with prolonged skin defense response},
  journal = {Proceedings of the National Academy of Sciences}
}

@article{young1994,
  doi = {10.1111/1523-1747.ep12398424},
  url = {https://doi.org/10.1111/1523-1747.ep12398424},
  year = {1994},
  month = nov,
  publisher = {Elsevier {BV}},
  volume = {103},
  number = {5},
  pages = {660--664},
  author = {Patty K Young and Frederick Grinnell},
  title = {Metalloproteinase Activation Cascade After Burn Injury: A Longitudinal Analysis of the Human Wound Environment},
  journal = {Journal of Investigative Dermatology}
}

@incollection{wagenmakers2008,
  doi = {10.1007/978-0-387-09612-4_9},
  url = {https://doi.org/10.1007/978-0-387-09612-4_9},
  year = {2008},
  publisher = {Springer New York},
  pages = {181--207},
  author = {Eric-Jan Wagenmakers and Michael Lee and Tom Lodewyckx and Geoffrey J. Iverson},
  title = {Bayesian Versus Frequentist Inference},
  booktitle = {Bayesian Evaluation of Informative Hypotheses}
}

@article{ugrinowitsch2004,
  doi = {10.1249/01.mss.0000147580.40591.75},
  url = {https://doi.org/10.1249/01.mss.0000147580.40591.75},
  year = {2004},
  month = dec,
  publisher = {Ovid Technologies (Wolters Kluwer Health)},
  pages = {2144--2148},
  author = {Carlos Ugrinowitsch and Gilbert W. Fellingham and Mark D. Ricard},
  title = {Limitations of Ordinary Least Squares Models in Analyzing Repeated Measures Data},
  journal = {Medicine {\&} Science in Sports {\&} Exercise}
}

@article{lane2016,
  doi = {10.20982/tqmp.12.2.p114},
  url = {https://doi.org/10.20982/tqmp.12.2.p114},
  year = {2016},
  month = sep,
  publisher = {The Quantitative Methods for Psychology},
  volume = {12},
  number = {2},
  pages = {114--122},
  author = {David M. Lane},
  title = {The assumption of sphericity in repeated-measures designs: What it means and what to do when it is violated},
  journal = {The Quantitative Methods for Psychology}
}
